%%%%%%%%%%%%%%%%%%%% comment %%%%%%%%%%%%%%%%%%%%

@comment{
Nunca usar LLM para gerar as entradas do bibtex. Ao invés disso, usar sites específicos para isso como 
Never use LLM to generate bibtex entries. Instead, use specific sites for this , such as

- CROSSREF
- GOOGLE SCHOLAR
}

%%%%%%%%%%%%%%%%%%%% examples %%%%%%%%%%%%%%%%%%%%

@inproceedings{conference,
  author       = {},
  title        = {},
  booktitle    = {},
  year         = {},
  OPTmonth     = {},
  pages        = {},
  organization = {},
  publisher    = {},
  doi          = {},
}

%
@article{article,
  author       = {},
  title        = {},
  journal      = {},
  volume       = {},
  number       = {},
  year         = {},
  OPTmonth     = {},
  pages        = {},
  issn         = {},
  publisher    = {},
  OPTaddress   = {},
  doi          = {},
}

@book{book,
  author       = {},
  title        = {},
  isbn         = {},
  year         = {},
  OPTmonth     = {},
  publisher    = {},
}

%%%%%%%%%%%%%%%%%%%% mono %%%%%%%%%%%%%%%%%%%%

@monography{Nascimento2019visiongl,
  title        = {Gerador automático de código Python para processamento heterogêneo de imagens em OpenCL por meio da biblioteca VisionGL},
  author       = {Artur Santos Nascimento},
  year         = {2019},
  OPTtype      = {Trabalho de Conclusão de Curso},
  type         = {Undergraduate thesis},
  school       = {Departamento de Computação, Universidade Federal de Sergipe},
  url          = {https://ri.ufs.br/jspui/handle/riufs/11870}
}

@mastersthesis{SantAnna2018celulas,
  title        = {Modelo combinado e interpretável para a classificação de células leucêmicas},
  author       = {Sant'Anna, Yúri Faro Dantas de},
  year         = {2022},
  OPTtype      = {Dissertação de Mestrado},
  type         = {Master's Thesis},
  school       = {Programa de Pós-Graduação em Ciência da Computação, Universidade Federal de Sergipe},
  OPTurl       = {https://ri.ufs.br/jspui/handle/riufs/19527},
}

@mastersthesis{Alvarenga2018metodos,
  title        = {Métodos de otimização hiperparamétrica: um estudo comparativo utilizando árvores de decisão e florestas aleatórias na classificação binária},
  author       = {Alvarenga, Júnior, Wagner José de},
  year         = {2018},
  OPTtype      = {Dissertação de Mestrado},
  type         = {Master's Thesis},
  school       = {Universidade Federal de Minas Gerais},
  OPTurl       = {http://hdl.handle.net/1843/BUBD-AX2NLF},
}

@phdthesis{Dantas2010gestos,
  title        = {Segmentação e reconhecimento de gestos em tempo real com câmeras e aceleração gráfica},
  author       = {Dantas, Daniel Oliveira},
  year         = {2010},
  OPTtype      = {Tese de Doutorado},
  type         = {PHD Thesis},
  school       = {Instituto de Matemática e Estatística, Universidade de São Paulo},
  OPTurl       = {https://www.teses.usp.br/teses/disponiveis/45/45134/tde-23012017-160508},
  OPTdoi       = {https://doi.org/10.11606/T.45.2017.tde-23012017-160508},
}

@phdthesis{Carvalho2013preservation,
  title        = {Image-based appearance preservation},
  author       = {Carvalho, Beatriz Trinchão Andrade de},
  year         = {2013},
  OPTtype      = {Tese de Doutorado},
  type         = {PHD Thesis},
  school       = {Programa de Pós-Graduaçãoo em Informática, Universidade Federal do Paraná},
  OPTurl       = {https://ri.ufs.br/jspui/handle/riufs/1609},
}

%%%%%%%%%%%%%%%%%%%% misc %%%%%%%%%%%%%%%%%%%%

@misc{opencv2019,
  author       = {{OpenCV Documentation}},
  note         = {{\tt{http://docs.opencv.org/}}},
}

@misc{opencl2018,
  author       = {{Khronos Group}},
  title        = {The {OpenCL} Specification 2.2},
  OPTmonth     = {October},
  year         = {2018},
  url          = {http://www.khronos.org/opencl/},
}

@misc{arkit, 
  author       = {{Apple Inc.}},
  title        = {{ARKit Framework}},
  OPTurl       = {https://developer.apple.com/documentation/arkit},
  howpublished = {[Online]. Available: \url{https://developer.apple.com/documentation/arkit}. Last accessed: 13 March 2020},
  year         = {2020},
}

%%%%%%%%%%%%%%%%%%%% misc Arxiv %%%%%%%%%%%%%%%%%%%%

@misc{Shiri2024comprehensive,
  title={A Comprehensive Overview and Comparative Analysis on Deep Learning Models: CNN, RNN, LSTM, GRU}, 
  author={Farhad Mortezapour Shiri and Thinagaran Perumal and Norwati Mustapha and Raihani Mohamed},
  year={2024},
  eprint={2305.17473},
  archivePrefix={arXiv},
  primaryClass={cs.LG},
  url={https://arxiv.org/abs/2305.17473}, 
  doi = {10.48550/arXiv.2305.17473},
  howpublished = {arXiv:2305.17473 [cs.LG]},
}

@misc{openai2024gpt4,
  title={{GPT-4} Technical Report}, 
  author={OpenAI and Josh Achiam and Steven Adler and Sandhini Agarwal and Lama Ahmad and Ilge Akkaya and Florencia Leoni Aleman and Diogo Almeida and Janko Altenschmidt and Sam Altman and Shyamal Anadkat and Red Avila and Igor Babuschkin and Suchir Balaji and Valerie Balcom and Paul Baltescu and Haiming Bao and Mohammad Bavarian and Jeff Belgum and Irwan Bello ... Barret Zoph},
  year={2024},
  eprint={2303.08774},
  archivePrefix={arXiv},
  primaryClass={cs.CL},
  url={https://arxiv.org/abs/2303.08774},
  doi={10.48550/arXiv.2303.08774},
  howpublished =  {arXiv:2303.08774v6 [cs.CL]},
}

@misc{Nascimento2024cphdrfeaturepoint,
  title         = {{CP\_HDR}: A feature point detection and description library for {LDR} and {HDR} images}, 
  author        = {Artur Santos Nascimento and Valter Guilherme Silva de Souza and Daniel Oliveira Dantas and Beatriz Trinchão Andrade},
  year          = {2024},
  eprint        = {2403.19935},
  archivePrefix = {arXiv},
  primaryClass  = {cs.CV},
  url           = {https://arxiv.org/abs/2403.19935}, 
  doi           = {10.48550/arXiv.2403.19935},
  howpublished  = {arXiv:2403.19935 [cs.CV]},
}

%%%%%%%%%%%%%%%%%%%% misc Preprints %%%%%%%%%%%%%%%%%%%%

@misc{Quazi2022,
  author = {Quazi, Sameer},
  title = {Artificial intelligence and machine learning in precision and genomic medicine},
  year = {2022},
  doi = {10.1007/s12032-022-01711-1},
  HowPublished={Preprints, http://dx.doi.org/10.20944/preprints202110.0011.v1}
}

@article{Quazi2021genomic,
  title = {Artificial Intelligence and Machine Learning in Precision and Genomic Medicine},
  author = {Sameer Quazi},
  doi = {10.20944/preprints202110.0011.v1},
  url = {https://doi.org/10.20944/preprints202110.0011.v1},
  year = 2021,
  month = {October},
  publisher = {Preprints},     
  journal = {Preprints},
}

%%%%%%%%%%%%%%%%%%%% ddantas conferences %%%%%%%%%%%%%%%%%%%%

@misc{visiongl,
  author       = {Daniel Oliveira Dantas},
  year         = {2021},
  key          = {visiongl},
  title        = {{The VisionGL Library}},
  url          = {http://github.com/ddantas/visiongl/},
}

@inproceedings{Brun2001ocr,
  author={Brun, Marcel and Barrera, Junior and Hirata, Nina Sumiko Tomita and Trepode, Nestor Walter and Dantas, Daniel Oliveira and Terada, Routo},
  title={Multi-resolution classification trees in OCR design},
  booktitle={Proceedings XIV Brazilian Symposium on Computer Graphics and Image Processing},
  year={2001},
  pages={59--66},
  publisher={IEEE Comput. Soc.},
  url={http://dx.doi.org/10.1109/sibgrapi.2001.963038},
  DOI={10.1109/sibgrapi.2001.963038},
}

@inproceedings{Hirata2001uarray,
  author={Hirata, Jr. and Barrera, J. and Hashimoto, R.F. and Dantas, D.O.},
  title={Microarray gridding by mathematical morphology},
  booktitle={Proceedings XIV Brazilian Symposium on Computer Graphics and Image Processing},
  year={2001},
  pages={112--119},
  publisher={IEEE Comput. Soc.},
  url={http://dx.doi.org/10.1109/sibgrapi.2001.963045},
  DOI={10.1109/sibgrapi.2001.963045},
}

@inproceedings{Barrera2003uarray,
  author       = {Barrera, Junior and Cesar, Jr., Roberto Marcondes and Dantas, Daniel Oliveira and Martins, Jr., David Corrêa and Trepode, Nestor Walter},
  title        = {From Microarray Images to Biological Knowledge},
  booktitle    = {Proceedings of the Second Brazilian Symposium on Mathematical and Computational Biology},
  year         = {2002},
  pages        = {209--239},
  month        = {},
  organization = {},
  publisher    = {},
}

@inproceedings{Dantas2010wrapper,
  author       = {Dantas, Daniel Oliveira and Barrera, Junior},
  title        = {Wrapper code generation for easy implementation of fast video processing functions},
  booktitle    = {Anais do VI Workshop de Visão Computacional},
  year         = {2010},
  pages        = {95--100},
  month        = {jul},
}

@inproceedings{Dantas2015opencl,
  author={Dantas, Daniel Oliveira and Danilo Passos Leal, Helton and Sousa, Davy Oliveira Barros},
  title={Fast {2D and 3D} image processing with {OpenCL}},
  booktitle={2015 IEEE International Conference on Image Processing (ICIP)}, 
  year={2015},
  pages={4858--4862},
  publisher={IEEE},
  url={http://dx.doi.org/10.1109/icip.2015.7351730},
  DOI={10.1109/icip.2015.7351730}, 
  month={sep},
}

@inproceedings{Dantas2016opencl,
  author={Dantas, Daniel Oliveira and Leal, Helton Danilo Passos and Sousa, Davy Oliveira Barros},
  title={Fast multidimensional image processing with {OpenCL}},
  booktitle={2016 IEEE International Conference on Image Processing (ICIP)},
  year={2016},
  pages={1779--1783},
  publisher={IEEE},
  url={http://dx.doi.org/10.1109/icip.2016.7532664},
  DOI={10.1109/icip.2016.7532664},
  month={sep},
}

@inproceedings{Dantas2017fuzzy,
  author={Dantas, Daniel Oliveira and Oliveira, Diego de Souza and Leal, Helton Danilo Passos},
  title={Blood vessels extraction using Fuzzy Mathematical Morphology},
  booktitle={2017 IEEE International Conference on Acoustics, Speech and Signal Processing (ICASSP)}, 
  year={2017},
  pages={914–918},
  publisher={IEEE},
  url={http://dx.doi.org/10.1109/icassp.2017.7952289},
  DOI={10.1109/icassp.2017.7952289},
  month={mar},
}

@inproceedings{Melo2018hdr,
  author={Melo, Welerson Augusto Lino de Jesus and Tavares, Jusley Arley de Oliveira and Dantas, Daniel Oliveira and Andrade, Beatriz Trinchão},
  title={Improving Feature Point Detection in High Dynamic Range Images},
  booktitle={2018 IEEE Symposium on Computers and Communications (ISCC)},
  year={2018},
  pages={91--96},
  publisher={IEEE},
  url={http://dx.doi.org/10.1109/iscc.2018.8538716},
  DOI={10.1109/iscc.2018.8538716},
  month={jun},
}

@inproceedings{Silva2018electromyography,
  author={Silva, Isac Alencar Rodrigues da and Santos, Elder Cleiton Barreto Francisco dos and Carvalho, Elton Moreira and Dantas, Daniel Oliveira},
  title={Low cost hardware and software platform for multichannel surface electromyography},
  booktitle={2018 IEEE Symposium on Computers and Communications (ISCC)},
  year={2018},
  pages={1114--1119},
  publisher={IEEE}, 
  url={http://dx.doi.org/10.1109/iscc.2018.8538663},
  DOI={10.1109/iscc.2018.8538663},
  month={jun},
}

@inproceedings{Prado2018virtual,
  author={Prado, Bruno and Dantas, Daniel and Bispo, Kalil and Fontes, Thiago and Santana, Gabriel and Silva, Rafael},
  title={A Virtual Prototype Semihosting Approach for Early Simulation of Cyber-Physical Systems},
  booktitle={2018 IEEE Symposium on Computers and Communications (ISCC)},
  year={2018},
  pages={208--213},
  publisher={IEEE},
  url={http://dx.doi.org/10.1109/iscc.2018.8538621},
  DOI={10.1109/iscc.2018.8538621},
  month={jun},
}

@inproceedings{Tavares2018nonintrusive,
  author={Tavares, Hugo and Prado, Bruno and Bispo, Kalil and Dantas, Daniel},
  title={A Non-intrusive Approach for Smart Power Meter},
  booktitle={2018 IEEE 16th International Conference on Industrial Informatics (INDIN)},
  year={2018},
  pages={605–-610},
  publisher={IEEE},
  url={http://dx.doi.org/10.1109/indin.2018.8471960},
  DOI={10.1109/indin.2018.8471960},
  month={jul},
}

@inproceedings{Santos2018modular,
  author={Fabiano Santos and Bruno Prado and Daniel Dantas and Kalil Bispo},
  title={Modular Automation Design for Equipment Management},
  booktitle={Proceedings of the 20th International Conference on Enterprise Information Systems},
  year={2018},
  pages={601--606},
  publisher={SciTePress},
  organization={INSTICC},
  doi={10.5220/0006701506010606},
  isbn={978-989-758-298-1},
  issn={2184-4992},
}

@inproceedings{Dantas2019opencl,
  author={Dantas, Daniel Oliveira and Leal, Helton Danilo Passos},
  title={Fast multidimensional binary image processing with {OpenCL}},
  booktitle={2019 International Conference on High Performance Computing \& Simulation (HPCS)},
  year={2019},
  pages={33--39},
  publisher={IEEE},
  url={http://dx.doi.org/10.1109/hpcs48598.2019.9188210},
  DOI={10.1109/hpcs48598.2019.9188210},
  month={jul},
}

@inproceedings{Alves2021mobile,
  author={Alves, Marcel Oliveira and Dantas, Daniel Oliveira},
  title={Mobile Augmented Reality for Craniotomy Planning}, 
  booktitle={2021 IEEE Symposium on Computers and Communications (ISCC)},
  year={2021},
  pages={1--6},
  publisher={IEEE}, 
  url={http://dx.doi.org/10.1109/iscc53001.2021.9631438},
  DOI={10.1109/iscc53001.2021.9631438},
  month={sep},
}

@inproceedings{SantAnna2021leukemic,
  author={De Sant’ Anna, Yuri Faro Dantas and De Oliveira, Jose Elwyslan Mauricio and Dantas, Daniel Oliveira},
  title={Lightweight Classification of Normal Versus Leukemic Cells Using Feature Extraction},
  booktitle={2021 IEEE Symposium on Computers and Communications (ISCC)},
  year={2021},
  pages={1--6},
  publisher={IEEE},
  url={http://dx.doi.org/10.1109/iscc53001.2021.9631499},
  DOI={10.1109/iscc53001.2021.9631499},
  month={sep},
}

@inproceedings{Oliveira2021leukemic,
  author={Oliveira, José Elwyslan Maurício de and Dantas, Daniel Oliveira},
  title={Classification of Normal versus Leukemic Cells with Data Augmentation and Convolutional Neural Networks},
  booktitle={Proceedings of the 16th International Joint Conference on Computer Vision, Imaging and Computer Graphics Theory and Applications},
  volume={4, VISAPP},
  year={2021},
  pages={685--692},
  publisher={SciTePress},
  organization={INSTICC},
  doi={10.5220/0010257406850692},
  isbn={978-989-758-488-6},
  issn={2184-4321},
}

@inproceedings{Oliveira2021faster,
  author={Oliveira, Artur Leandro da Costa and Carvalho, André Britto de and Dantas, Daniel Oliveira},
  title={Faster {R-CNN} Approach for Diabetic Foot Ulcer Detection},
  booktitle={Proceedings of the 16th International Joint Conference on Computer Vision, Imaging and Computer Graphics Theory and Applications},
  volume={4, VISAPP},
  year={2021},
  pages={677--684},
  publisher={SciTePress},
  organization={INSTICC},
  doi={10.5220/0010255506770684},
  isbn={978-989-758-488-6},
  issn={2184-4321},
}

@inproceedings{Goulart21keystroke,
  author={Goulart, Felipe Valadão and Dantas, Daniel Oliveira},
  title={Mapping Personality Traits through Keystroke Analysis},
  booktitle={Proceedings of the 23rd International Conference on Enterprise Information Systems},
  volume={2},
  year={2021},
  pages={474--482},
  publisher={SciTePress},
  organization={INSTICC},
  doi={10.5220/0010456304740482},
  isbn={978-989-758-509-8},
  issn={2184-4992},
}

@inproceedings{Maciel2021architecture,
  author={Maciel, Roberto Wagner Santos and Soares, Michel dos Santos and Dantas, Daniel Oliveira},
  title={A System Architecture in Multiple Views for an Image Processing Graphical User Interface},
  booktitle={Proceedings of the 23rd International Conference on Enterprise Information Systems},
  volume={2},
  year={2021},
  pages={213--223},
  publisher={SciTePress},
  organization={INSTICC},
  doi={10.5220/0010414602130223},
  url={https://doi.org/10.5220/0010414602130223},
  isbn={978-989-758-509-8},
  issn={2184-4992},
}

@inproceedings{Nascimento2022hdr,
  author={Nascimento, Artur Santos and Melo, Welerson Augusto Lino de Jesus and Andrade, Beatriz Trinchão and Dantas, Daniel Oliveira},
  title={Evaluation of a Local Descriptor for {HDR} Images},
  booktitle={Proceedings of the 17th International Joint Conference on Computer Vision, Imaging and Computer Graphics Theory and Applications},
  volume={4, VISAPP},
  year={2022},
  pages={299--306},
  publisher={SciTePress},
  organization={INSTICC},
  doi={10.5220/0010779700003124},
  isbn={978-989-758-555-5},
  issn={2184-4321},
}

@inproceedings{Maciel2023interpreter,
  author={Maciel, Roberto Wagner Santos and Nery, João Gabriel Alves and Dantas, Daniel Oliveira},
  title={High-Level Workflow Interpreter for Real-Time Image Processing},
  booktitle={Proceedings of the 18th International Joint Conference on Computer Vision, Imaging and Computer Graphics Theory and Applications},
  volume={4, VISAPP},
  year={2023},
  pages={812--818},
  publisher={SciTePress},
  organization={INSTICC},
  doi={10.5220/0011652500003417},
  url={https://doi.org/10.5220/0011652500003417},
  isbn={978-989-758-634-7},
  issn={2184-4321},
}

@inproceedings{Souza2023arrhythmia,
  author={Souza, Igor Lopes and Dantas, Daniel Oliveira},
  title={Cardiac Arrhythmia Classification in Electrocardiogram Signals with Convolutional Neural Networks},
  booktitle={Proceedings of the 12th International Conference on Pattern Recognition Applications and Methods},
  year={2023},
  pages={356--362},
  publisher={SciTePress},
  organization={INSTICC},
  doi={10.5220/0011682800003411},
  isbn={978-989-758-626-2},
  issn={2184-4313},
}

@inproceedings{Souza2024arrhythmia,
  author={Souza, Igor Lopes and Dantas, Daniel Oliveira},
  title={Cardiac Arrhythmia Detection in Electrocardiogram Signals with {CNN-LSTM}},
  booktitle={Proceedings of the 13th International Conference on Pattern Recognition Applications and Methods},
  year={2024},
  pages={304--310},
  publisher={SciTePress},
  organization={INSTICC},
  doi={10.5220/0012362600003654},
  isbn={978-989-758-684-2},
  issn={2184-4313},
}

@inproceedings{SantAnna2024fuel,
  author={Sant’Anna, Yúri Faro Dantas de and Farias, Mariana Lira de and Colaço, Jr., Methanias, and Dantas, Daniel Oliveira and Rodrigues, Jr., Max},
  title={Fuel Classification in Electronic Tax Documents},
  booktitle={Proceedings of the 13th International Conference on Pattern Recognition Applications and Methods},
  year={2024},
  pages={337-343},
  publisher={SciTePress},
  organization={INSTICC},
  doi={10.5220/0012390900003654},
  isbn={978-989-758-684-2},
  issn={2184-4313},
}

@inproceedings{Neto2024building,
  author={Ramos, Neto, Antônio dos Santos and Dantas, Daniel Oliveira},
  title={Building Damage Segmentation After Natural Disasters in Satellite Imagery with Mathematical Morphology and Convolutional Neural Networks},
  booktitle={Proceedings of the 26th International Conference on Enterprise Information Systems},
  volume={1},
  year={2024},
  pages={828--836},
  publisher={SciTePress},
  organization={INSTICC},
  doi={10.5220/0012706300003690},
  isbn={978-989-758-692-7},
  issn={2184-4992},
}

@inproceedings{Sa2024glaucoma,
  author={Sá, Noirane Getirana de and Dantas, Daniel Oliveira and Silva, Gilton Ferreira da Silva},
  title={Glaucoma Detection Using Transfer Learning with the {Faster R-CNN} Model and a {ResNet-50-FPN} Backbone},
  booktitle={Proceedings of the 26th International Conference on Enterprise Information Systems},
  volume={1},
  year={2024},
  pages={837--844},
  publisher={SciTePress},
  organization={INSTICC},
  doi={10.5220/0012706500003690},
  isbn={978-989-758-692-7},
  issn={2184-4992},
}

%%%%%%%%%%%%%%%%%%%% ddantas journals %%%%%%%%%%%%%%%%%%%%

@article{Hirata2002uarray,
  title={Segmentation of Microarray Images by Mathematical Morphology},  
  volume={8},
  ISSN={1077-2014},
  url={http://dx.doi.org/10.1006/rtim.2002.0291},
  DOI={10.1006/rtim.2002.0291},
  number={6},
  journal={Real-Time Imaging},
  publisher={Elsevier BV},
  author={Hirata, Roberto and Barrera, Junior and Hashimoto, Ronaldo F. and Dantas, Daniel O. and Esteves, Gustavo H.},
  year={2002},
  month=dec,
  pages={491–505},
}

@article{Dantas2011wrapper,
  title={Automatic Generation of Wrapper Code for Video Processing Functions},
  volume={9},
  ISSN={1676-2789},
  url={http://dx.doi.org/10.21528/lnlm-vol9-no2-art5},
  DOI={10.21528/lnlm-vol9-no2-art5},
  number={2},
  journal={Learning and Nonlinear Models},
  publisher={Associacao Brasileira de Inteligencia Computacional - ABRICOM},
  author={Dantas, Daniel Oliveira and Barrera, Junior},
  year={2011},
  pages={130–137},
}

@article{Bittencourt2013presbyopes,
  title={An evaluation of estimation methods for determining addition in presbyopes},
  volume={76},
  ISSN={0004-2749},
  url={http://dx.doi.org/10.1590/s0004-27492013000400005},
  DOI={10.1590/s0004-27492013000400005},
  number={4},
  journal={Arquivos Brasileiros de Oftalmologia},
  publisher={FapUNIFESP (SciELO)},
  author={Bittencourt, Leonardo Catunda and Alves, Milton Ruiz and Dantas, Daniel Oliveira and Rodrigues, Pablo Felipe and Santos-Neto, Edson dos},
  year={2013},
  month=aug,
  pages={218–220},
}

@article{Jesus2016refraction,
  title={Comparison between refraction measured by {Spot Vision Screening}™ and subjective clinical refractometry},
  volume={71},
  ISSN={1807-5932},
  url={http://dx.doi.org/10.6061/clinics/2016(02)03},
  DOI={10.6061/clinics/2016(02)03},
  number={2},
  journal={Clinics},
  publisher={Elsevier BV},
  author={Jesus, Daniela Lima de and Villela, Flávio Fernandes and Orlandin, Luis Fernando and Eiji, Fernando Naves and Dantas, Daniel Oliveira and Alves, Milton Ruiz},
  year={2016},
  month=feb,
  pages={69–72},
}

@article{Germano2017glaucoma,
  title={Evaluation of a Novel Visual Field Analyzer Application for Automated Classification of Glaucoma Severity},
  volume={26},
  ISSN={1057-0829},
  url={http://dx.doi.org/10.1097/ijg.0000000000000671},
  DOI={10.1097/ijg.0000000000000671},
  number={6},
  journal={Journal of Glaucoma},
  publisher={Ovid Technologies (Wolters Kluwer Health)},
  author={Germano, Renato A.S. and de Moraes, Carlos Gustavo and Susanna, Remo and Dantas, Daniel O. and Neto, Edson d.S.},
  year={2017},
  month=jun,
  pages={586–591},
}

@article{Faria2020screening,
  title={Visual acuity screening, photoscreening and dispensing of glasses with {Ready-to-Clip}™ technology},
  volume={79},
  ISSN={0034-7280},
  url={http://dx.doi.org/10.5935/0034-7280.20200066}, 
  DOI={10.5935/0034-7280.20200066},
  number={5},
  journal={Revista Brasileira de Oftalmologia},
  publisher={Revista Brasileira de Oftalmologia},
  author={Faria, Marco Antônio Rey de and Dantas, Daniel Oliveira and Alves, Milton Ruiz and Medeiros, Bruno César Ferreira de and Cabral, Ana Beatriz Florêncio and Dantas, Breno Gustavo Rocha and Demeda, Vanessa Favero and Matos Neto, Carlos and Azevedo, Luciana Arrais de and Souza, Alessandra Cavalcante de and Camilo, Leonardo Ferreira and Silva, Rodolfo Lima e and Fernandes, Lara Gonçalves and Silva, Francisco Isaías da and Carmo, Luizy Millene Silva do},
  year={2020},
}

@article{Nunes2021covid,
  title={USE OF DEEP LEARNING TO DIAGNOSE {COVID-19} BASED ON COMPUTED TOMOGRAPHY IMAGES},
  volume={3},
  url={https://www2.ifrn.edu.br/ojs/index.php/HOLOS/article/view/11054}, 
  DOI={10.15628/holos.2021.11054},
  journal={HOLOS},
  author={Nunes, Lucas dos Santos and Dantas, Daniel Oliveira}, 
  year={2021},
  month={ago},
  pages={1–13},
}

@article{Ribeiro2022protocol,
  title={Protocol for evaluating the in vitro effect of violet light-emitting diodes ({LEDs}) 410 nm ± 10 nm on yeast cultures},
  volume={4},
  ISSN={2675-021X},
  url={http://dx.doi.org/10.17267/2675-021xevidence.2022.e4736}, DOI={10.17267/2675-021xevidence.2022.e4736},
  journal={Journal of Evidence-Based Healthcare},
  publisher={Escola Bahiana de Medicina e Saude Publica},
  author={Ribeiro, Rachel Trinchão Schneiberg Kalid and Santos, Élissa da Silva and Mascarenhas, Rita Elizabeth Moreira and Mancini, Marília Wellichan and Almeida-Lopes, Luciana and Barros, Tânia Fraga and Regis, Carlos Gustavo and Silva, Jacqueline de Jesus and Moreira, Diogo Rodrigo de Magalhães and Dantas, Daniel Oliveira and Andrade, Beatriz Trinchão and Gomes, Jéssica Mirella de Souza and Dias, Cristiane Maria Carvalho Costa and Grassi, Maria Fernanda Rios},
  year={2022},
  month=dec,
  pages={e4736},
}

@article{SantAnna2022leukemic,
  title={Interpretable Lightweight Ensemble Classification of Normal versus Leukemic Cells},
  volume={11},
  ISSN={2073-431X},
  url={http://dx.doi.org/10.3390/computers11080125},
  DOI={10.3390/computers11080125},
  number={8},
  journal={Computers},
  publisher={MDPI AG},
  author={Sant’Anna, Yúri Faro Dantas de and Oliveira, José Elwyslan Maurício de and Dantas, Daniel Oliveira}, 
  year={2022},
  month=aug,
  pages={125},
}

@article{Tannous2022stereopsis,
  title={Stereopsis, Aniseikonia, and Associated Symptoms in Patients with Bilateral Pseudophakia with and without Anisometropia: A Comparative Study},
  volume={12},
  ISSN={2165-7416},
  url={http://dx.doi.org/10.4236/ojoph.2022.121011},
  DOI={10.4236/ojoph.2022.121011},
  number={01},
  journal={Open Journal of Ophthalmology},
  publisher={Scientific Research Publishing, Inc.},
  author={Tannous, Marcelo and Dantas, Daniel and Tayah, David and Carricondo, Pedro and Avakian, Amaryllis and Alves, Milton Ruiz},
  year={2022},
  pages={107–120},
}

@article{Nascimento2023hdr,
  title={Feature point detection in {HDR} images based on coefficient of variation},
  volume={83},
  ISSN={1573-7721},
  url={http://dx.doi.org/10.1007/s11042-023-16055-9},
  DOI={10.1007/s11042-023-16055-9},
  number={7},
  journal={Multimedia Tools and Applications},
  publisher={Springer Science and Business Media LLC},
  author={Nascimento, Artur Santos and Melo, Welerson Augusto Lino de Jesus and Dantas, Daniel Oliveira and Andrade, Beatriz Trinchão}, year={2023},
  month=jul,
  pages={19981–20002},
}

@article{Silva2023python,
  title={Introdução à programação em {Python} utilizando smartphone: um relato de experiência usando a abordagem construcionista de Seymour Papert},
  volume={13},
  ISSN={2177-7691},
  url={http://dx.doi.org/10.26514/inter.v13i39.5876},
  DOI={10.26514/inter.v13i39.5876},
  number={39},
  journal={INTERFACES DA EDUCAÇÃO},
  publisher={Universidade Estadual de Mato Grosso do Sul},
  author={Silva, Elisrenan Barbosa and Araujo, Kalil Bispo and Dantas, Daniel Oliveira},
  year={2023},
  month=jun,
}

%%%%%%%%%%%%%%%%%%%% basic references %%%%%%%%%%%%%%%%%%%%

@book{Wazlawick2014metodologia,
  title={Metodologia de Pesquisa para Ci{\^e}ncia da Computa{\c{c}}{\~a}o},
  author={Wazlawick, R.},
  isbn={9788535277838},
  url={https://books.google.com.br/books?id=BZioBQAAQBAJ},
  year={2014},
  edition={2nd},
  publisher={Elsevier Brasil}
}

@book{Day1998write,
  title={How to Write \& Publish a Scientific Paper},
  author={Day, R.A.},
  isbn={9780897748643},
  lccn={93041837},
  url={https://books.google.com.br/books?id=-GVRAAAAMAAJ},
  year={1998},
  edition={5th},
  publisher={Oryx Press}
}

@book{Zobel1997writing,
  title={Writing for Computer Science},
  author={Zobel, J.},
  isbn={9789813083226},
  lccn={97013754},
  url={https://books.google.com.br/books?id=4iw-AQAAIAAJ},
  year={1997},
  edition={1st},
  publisher={Springer Singapore}
}

@book{Gil1987elaborar,
  title={Como elaborar projetos de pesquisa},
  author={Gil, A.C.},
  isbn={9788522403004},
  url={https://books.google.com.br/books?id=msvwZwEACAAJ},
  year={1987},
  edition={4th},
  publisher={Atlas}
}

%%%%%%%%%%%%%%%%%%%% complementary references %%%%%%%%%%%%%%%%%%%%

@book{Kuhn1996structure,
  title={The Structure of Scientific Revolutions},
  author={Kuhn, T.S.},
  url={https://books.google.com.br/books?id=YoT-twEACAAJ},
  year={1996},
  edition={3rd},
  publisher={University of Chicago Press},
}

@article{Gardner1994relationship1,
  author={Gardner, Paul L.},
  title={The relationship between technology and science: Some historical and philosophical reflections. Part I},
  journal={International Journal of Technology and Design Education},
  volume={4},
  number={2},
  ISSN={1573-1804},
  url={http://dx.doi.org/10.1007/bf01204544},
  DOI={10.1007/bf01204544},
  publisher={Springer Science and Business Media LLC},
  year={1994},
  month=jun,
  pages={123–153},
}

@article{Gardner1995relationship2,
  author={Gardner, Paul L.},
  title={The relationship between technology and science: Some historical and philosophical reflections. Part I},
  journal={International Journal of Technology and Design Education},
  volume={5},
  number={1},
  ISSN={1573-1804},
  url={http://dx.doi.org/10.1007/BF00763650},
  DOI={10.1007/BF00763650},
  publisher={Springer Science and Business Media LLC},
  year={1995},
  month=feb,
  pages={1–33},
}

%%%%%%%%%%%%%%%%%%%% other %%%%%%%%%%%%%%%%%%%%

@article{Multhauf1959scientist,
 ISSN = {0040165X, 10973729},
 URL = {http://www.jstor.org/stable/3100786},
 author = {Robert P. Multhauf},
 journal = {Technology and Culture},
 number = {1},
 pages = {38--47},
 publisher = {[The Johns Hopkins University Press, Society for the History of Technology]},
 title = {The Scientist and the "Improver" of Technology},
 urldate = {2025-06-28},
 volume = {1},
 year = {1959}
}

@book{Marder2011research,
  title={Research Methods for Science},
  author={Marder, M.P.},
  isbn={9781139493888},
  url={https://books.google.com.br/books?id=GNBzziGeu-kC},
  year={2011},
  edition={1st},
  publisher={Cambridge University Press}
}

@misc{Chinnek1999thesis, 
  author       = {John W. Chinneck},
  title        = {How to Organize your Thesis },
  OPTurl       = {https://www.sce.carleton.ca/faculty/chinneck/thesis.html},
  howpublished = {[Online]. Available: \url{https://www.sce.carleton.ca/faculty/chinneck/thesis.html}. Last accessed: June 29, 2025},
  year         = {1999},
}

@misc{Comer2008dissertation, 
  author       = {Douglas E. Comer},
  title        = {How To Write A Dissertation or Bedtime Reading For People Who Do Not Have Time To Sleep},
  OPTurl       = {https://www.cs.purdue.edu/homes/dec/essay.dissertation.html},
  howpublished = {[Online]. Available: \url{https://www.cs.purdue.edu/homes/dec/essay.dissertation.html}. Last accessed: June 29, 2025},
  year         = {2008},
}



%1. REFERÊNCIAS BÁSICAS:
%    Wazlawick, Raul Sidnei. Metodologia de pesquisa para ciência da computação. Elsevier, 2014.
%    Day, Robert A. How to Write and Publish a Scientific Paper. Oryx Press, 1998
%    Zobel, Justin. Writing for Computer Science. Springer, 1997.
%    Gil, Antonio Carlos et al. Como elaborar projetos de pesquisa. Atlas, 2017

%2. REFERÊNCIAS COMPLEMENTARES:
%    Kuhn, Thomas Samuel. The Structure of Scientific Revolutions. Chicago: University of Chicago Press, 1962.
%    Gardner, Paul L. The Relationship between Technology and Science: Some Historical and Philosophical Reflections. Part I
%    Gardner, Paul L. The Relationship between Technology and Science: Some Historical and Philosophical Reflections. Part II


